<?xml version="1.0" encoding="UTF-8"?><collection xmlns="http://www.loc.gov/MARC21/slim"><record><leader>00538nam--2200205-i-4500</leader><controlfield tag="001">000003953</controlfield><controlfield tag="002">20161230</controlfield><controlfield tag="005">20161230201025</controlfield><controlfield tag="008">060222s1000------------r-----000-0-fre-d</controlfield><datafield ind1=" " ind2=" " tag="040"><subfield code="a">IFIN-HH</subfield></datafield><datafield ind1=" " ind2=" " tag="041"><subfield code="a">fre</subfield></datafield><datafield ind1=" " ind2=" " tag="080"><subfield code="a">537.591</subfield></datafield><datafield ind1="1" ind2=" " tag="100"><subfield code="a">Cachon, Andre</subfield></datafield><datafield ind1="1" ind2="0" tag="245"><subfield code="a">Les rayons cosmiques</subfield><subfield code="c">Andre cachon, alice daudin, louis jauneau</subfield></datafield><datafield ind1=" " ind2=" " tag="260"><subfield code="a">Paris</subfield><subfield code="b">Presses Universitaires De France</subfield><subfield code="c">1957</subfield></datafield><datafield ind1=" " ind2=" " tag="300"><subfield code="a">117P</subfield></datafield><datafield ind1=" " ind2=" " tag="490"><subfield code="a">Que Sais-je?</subfield></datafield><datafield ind1="1" ind2=" " tag="700"><subfield code="a">Jauneau, Louis</subfield></datafield><datafield ind1=" " ind2=" " tag="852"><subfield code="a">13133</subfield><subfield code="c">539.13</subfield></datafield><datafield ind1=" " ind2=" " tag="CAT"><subfield code="a">Sys</subfield><subfield code="c">20120223</subfield><subfield code="h">104657</subfield></datafield></record></collection>